<record xmlns="http://www.loc.gov/MARC21/slim" xmlns:xsi="http://www.w3.org/2001/XMLSchema-instance" xsi:schemaLocation="http://www.loc.gov/MARC21/slim http://www.loc.gov/standards/marcxml/schema/MARC21slim.xsd"><leader>     nam a22        4500</leader><controlfield tag="001">32387</controlfield><controlfield tag="003">NNC</controlfield><controlfield tag="006">m        d        </controlfield><controlfield tag="007">cr cn |||m|||a</controlfield><controlfield tag="008">150313s1870    le      o     000 0 ara d</controlfield><datafield ind1=" " ind2=" " tag="040"><subfield code="a">NNU</subfield><subfield code="b">eng</subfield><subfield code="c">NNU</subfield></datafield><datafield ind1="2" ind2=" " tag="110"><subfield code="a">American University of Beirut.</subfield></datafield><datafield ind1="1" ind2="0" tag="245"><subfield code="a">Qawa&#772;ni&#772;n al-Madrasah al-Kulli&#772;yah al-Su&#772;ri&#772;yah al-Anji&#772;li&#772;yah fi&#772; Bayru&#772;t</subfield><subfield code="h">[electronic resource] :</subfield><subfield code="b">[General rules of the All-Syrian Evangelical University in Beirut.].</subfield></datafield><datafield ind1=" " ind2=" " tag="260"><subfield code="a">Beirut,</subfield><subfield code="c">1870.</subfield></datafield><datafield ind1=" " ind2=" " tag="300"><subfield code="a">online resource (16 p.)</subfield></datafield><datafield ind1=" " ind2=" " tag="500"><subfield code="a">Cover title.</subfield></datafield><datafield ind1=" " ind2=" " tag="500"><subfield code="a">Part of the Arabic Collections Online (ACO) project, contributed by Columbia University Libraries.</subfield></datafield><datafield ind1=" " ind2=" " tag="533"><subfield code="a">Electronic reproduction.</subfield><subfield code="b">New York, N.Y. :</subfield><subfield code="c">New York University,</subfield><subfield code="d">2015.</subfield><subfield code="5">NNU</subfield></datafield><datafield ind1="2" ind2="0" tag="610"><subfield code="a">American University of Beirut.</subfield></datafield><datafield ind1="2" ind2="7" tag="610"><subfield code="a">American University of Beirut.</subfield><subfield code="2">fast</subfield><subfield code="0">(OCoLC)fst00541617</subfield></datafield><datafield ind1="2" ind2=" " tag="710"><subfield code="a">Columbia University.</subfield><subfield code="b">Libraries.</subfield></datafield><datafield ind1="0" ind2=" " tag="730"><subfield code="a">Arabic Collections Online.</subfield></datafield><datafield ind1="0" ind2="8" tag="776"><subfield code="i">Online version:</subfield><subfield code="a">American University of Beirut.</subfield><subfield code="t">Qawa&#772;ni&#772;n al-Madrasah al-Kulli&#772;yah al-Su&#772;ri&#772;yah al-Anji&#772;li&#772;yah fi&#772; Bayru&#772;t ..</subfield><subfield code="d">Beirut, 1870</subfield><subfield code="w">(OCoLC)655481677</subfield></datafield><datafield ind1="0" ind2="8" tag="776"><subfield code="i">Print version:</subfield><subfield code="a">American University of Beirut.</subfield><subfield code="t">Qawa&#772;ni&#772;n al-Madrasah al-Kulli&#772;yah al-Su&#772;ri&#772;yah al-Anji&#772;li&#772;yah fi&#772; Bayru&#772;t</subfield><subfield code="w">(NNC)32387</subfield><subfield code="w">(OCoLC)84444082</subfield></datafield><datafield ind1="4" ind2="0" tag="856"><subfield code="u">http://hdl.handle.net/2333.1/wwpzgq9j</subfield></datafield><datafield ind1=" " ind2=" " tag="959"><subfield code="a">NNU</subfield><subfield code="b">WEB</subfield><subfield code="c">GENI</subfield><subfield code="t">0</subfield><subfield code="m">Electronic access</subfield><subfield code="s">01</subfield></datafield><datafield ind1=" " ind2=" " tag="999"><subfield code="i">NNC_32387</subfield><subfield code="o">(OCoLC)ocm84444082 </subfield><subfield code="s">columbia_aco000503</subfield><subfield code="e">(ERROR-880)</subfield></datafield></record>